@Misc{logisticFunction,
  howpublished = {\url{https://www.youtube.com/watch?v=\_z-e7N99-rI}},
  title        = {The Logistic Map: Attractors, Bifurcation, and Chaos.},
  url          = {https://www.youtube.com/watch?v=_z-e7N99-rI},
}

@Misc{Veritasium1,
  author       = {Veritasium},
  howpublished = {\url{https://www.youtube.com/watch?v=fDek6cYijxI}},
  title        = {Chaos: The Science of the Butterfly Effect},
  url          = {https://www.youtube.com/watch?v=fDek6cYijxI},
}

@Misc{Veritasium2,
  author       = {Veritasium},
  howpublished = {\url{https://www.youtube.com/watch?v=ovJcsL7vyrk}},
  title        = {This equation will change how you see the world (the logistic map)},
  url          = {https://www.youtube.com/watch?v=ovJcsL7vyrk},
}

@Misc{Google,
  author       = {Google Research},
  howpublished = {\url{https://research.google/blog/fast-accurate-climate-modeling-with-neuralgcm/}},
  title        = {Fast, accurate climate modeling with NeuralGCM},
  url          = {https://research.google/blog/fast-accurate-climate-modeling-with-neuralgcm/},
}

@Misc{Lyx,
  howpublished = {\url{https://www.lyx.org/}},
  title        = {LyX The Document Processor},
}

@Misc{OCV,
  howpublished = {\url{https://opencv.org/}},
  title        = {Open Computer Vision},
}

@Misc{algodoo,
  howpublished = {\url{https://www.algodoo.com/}},
  title        = {Algodoo},
}

@Misc{tracker,
  howpublished = {\url{https://physlets.org/tracker/}},
  title        = {Tracker. Viedeo Analysis and Modeling Tool.},
}

@Article{JPhys,
  author  = {Chriss Bud},
  journal = {J. Phys.: Conf. Ser. 2877 012086},
  title   = {Chaos: From celestial mechanics to climate},
  url     = {https://iopscience.iop.org/article/10.1088/1742-6596/2877/1/012086/pdf},
}

@Misc{bbc,
  author       = {BBC World Service},
  howpublished = {\url{https://www.youtube.com/watch?v=r_ahZOgPTsk}},
  title        = {A simple guide to chaos theory},
}

@Misc{metoffice,
  author       = {Met Office - Learn about weather},
  howpublished = {\url{https://www.youtube.com/watch?v=Wps2vtzi1TU}},
  title        = {Chaos Theory},
}

@Misc{PBS,
  author       = {PBS},
  howpublished = {\url{https://www.youtube.com/watch?v=oo7Bhythhtw}},
  title        = {Chaos Theory},
}

@Misc{FiniteHorizon,
  author       = {Josh Kastorf},
  howpublished = {\url{https://www.youtube.com/watch?v=Gf7r0MhtJBU}},
  title        = {Weather and Chaos: The Work of Edward N. Lorenz},
}

@Comment{jabref-meta: databaseType:bibtex;}
